@book{Lapan2018,
  author    = {Maxim Lapan},
  title     = {Deep Reinforcement Learning Hands-On},
  publisher = {Packt Publishing},
  address   = {Birmingham, UK},
  year      = {2018},
  edition   = {1},
  isbn      = {978-1788834247}
}

@article{mnih2016A3C,
  title={Asynchronous Methods for Deep Reinforcement Learning},
  author={Mnih, Volodymyr and Puigdomènech Badia, Adrià and Mirza, Mehdi and Graves, Alex and Harley, Tim and Lillicrap, Timothy P. and Silver, David and Kavukcuoglu, Koray},
  journal={arXiv preprint arXiv:1602.01783},
  year={2016}
}

@inproceedings{Sutton1999policygradient,
  author    = {Richard S. Sutton and David McAllester and Satinder Singh and Yishay Mansour},
  title     = {Policy Gradient Methods for Reinforcement Learning with Function Approximation},
  booktitle = {Advances in Neural Information Processing Systems 12},
  year      = {2000},
  pages     = {1057--1063},
  url       = {https://proceedings.neurips.cc/paper/1999/file/464d828b85b0bed98e80ade0a5c43b0f-Paper.pdf}
}

@inproceedings{Recht2011hogwild,
  author    = {Benjamin Recht and Christopher R{\'e} and Stephen Wright and Feng Niu},
  title     = {{Hogwild!} A Lock-Free Approach to Parallelizing Stochastic Gradient Descent},
  booktitle = {Advances in Neural Information Processing Systems 24},
  year      = {2011},
  pages     = {693--701},
  url       = {https://proceedings.neurips.cc/paper/2011/file/218a0aefd1d4ee5a88294838bdae6c4a-Paper.pdf}
}
